@misc{bergadano2019learning,
    title={Learning Real Estate Automated Valuation Models from Heterogeneous Data Sources},
    author={Francesco Bergadano and Roberto Bertilone and Daniela Paolotti and Giancarlo Ruffo},
    year={2019},
    eprint={1909.00704},
    archivePrefix={arXiv},
    primaryClass={cs.CY}
}

@article{jiang2014new,
  title={A new hedonic regression for real estate prices applied to the Singapore residential market},
  author={Jiang, Liang and Phillips, Peter CB and Yu, Jun},
  year={2014},
  publisher={Cowles Foundation Discussion Paper}
}